<?xml version="1.0" encoding="UTF-8"?><collection xmlns="http://www.loc.gov/MARC21/slim"><record><leader>00560nam--2200169-i-4500</leader><controlfield tag="001">000044710</controlfield><controlfield tag="002">20161230</controlfield><controlfield tag="005">20161230201044</controlfield><controlfield tag="008">060222s1000------------r-----000-0-eng-d</controlfield><datafield ind1=" " ind2=" " tag="040"><subfield code="a">IFIN-HH</subfield></datafield><datafield ind1=" " ind2=" " tag="080"><subfield code="a">539.12.04</subfield></datafield><datafield ind1="1" ind2=" " tag="100"><subfield code="a">Tievsky, George</subfield></datafield><datafield ind1="1" ind2="0" tag="245"><subfield code="a">Ionizing radiation. an old hazard in a new era</subfield><subfield code="b">With a foreword by lauriston s. taylor, with an introduction by wendell g. scott</subfield><subfield code="c">George tievsky</subfield></datafield><datafield ind1=" " ind2=" " tag="260"><subfield code="a">Springfield, Illinois</subfield><subfield code="b">Charles C.Thomas Publisher</subfield><subfield code="c">1962</subfield></datafield><datafield ind1=" " ind2=" " tag="300"><subfield code="a">XIX+154P</subfield></datafield><datafield ind1=" " ind2=" " tag="852"><subfield code="a">18894</subfield><subfield code="c">539.12.04</subfield></datafield><datafield ind1=" " ind2=" " tag="CAT"><subfield code="a">Sys</subfield><subfield code="c">20120203</subfield><subfield code="h">140917</subfield></datafield></record></collection>